@article{baldwin1991,
  title={An Analysis of Racial Differences in Wage Distributions},
  author={Baldwin, M. and Bishop, J.},
  journal={Economics Letters},
  volume={37},
  number={1},
  pages={91},
  year={1991}
}

@article{golan2019,
  title={Racial gaps, occupational matching, and skill uncertainty},
  author={Golan, L. and Sanders, C.},
  journal={Federal Reserve Bank of St.Louis Review},
  volume={101},
  number={2},
  pages={135--153},
  year={2019},
  }


@article{hirsch1992,
  title={Labor earnings, discrimination, and the racial composition of jobs},
  author={Hirsch, B. T. and Schumacher, E. J.},
  journal={Journal of Human Resources},
  volume={27},
  number={4},
  pages={602--628},
  year={1992}
  
}

@article{petre2019,
  title={Contributions of skills to the racial wage gap},
  author={Petre, M.},
  journal={Journal of Human Capital},
  volume={13},
  number={3},
  pages={479--518},
  year={2019}
}
